%YAML 1.1
%TAG !u! tag:unity3d.com,2011:
--- !u!29 &1
OcclusionCullingSettings:
  m_ObjectHideFlags: 0
  serializedVersion: 2
  m_OcclusionBakeSettings:
    smallestOccluder: 5
    smallestHole: 0.25
    backfaceThreshold: 100
  m_SceneGUID: 00000000000000000000000000000000
  m_OcclusionCullingData: {fileID: 0}
--- !u!104 &2
RenderSettings:
  m_ObjectHideFlags: 0
  serializedVersion: 9
  m_Fog: 0
  m_FogColor: {r: 0.5, g: 0.5, b: 0.5, a: 1}
  m_FogMode: 3
  m_FogDensity: 0.01
  m_LinearFogStart: 0
  m_LinearFogEnd: 300
  m_AmbientSkyColor: {r: 0.212, g: 0.227, b: 0.259, a: 1}
  m_AmbientEquatorColor: {r: 0.114, g: 0.125, b: 0.133, a: 1}
  m_AmbientGroundColor: {r: 0.047, g: 0.043, b: 0.035, a: 1}
  m_AmbientIntensity: 1
  m_AmbientMode: 0
  m_SubtractiveShadowColor: {r: 0.42, g: 0.478, b: 0.627, a: 1}
  m_SkyboxMaterial: {fileID: 10304, guid: 0000000000000000f000000000000000, type: 0}
  m_HaloStrength: 0.5
  m_FlareStrength: 1
  m_FlareFadeSpeed: 3
  m_HaloTexture: {fileID: 0}
  m_SpotCookie: {fileID: 10001, guid: 0000000000000000e000000000000000, type: 0}
  m_DefaultReflectionMode: 0
  m_DefaultReflectionResolution: 128
  m_ReflectionBounces: 1
  m_ReflectionIntensity: 1
  m_CustomReflection: {fileID: 0}
  m_Sun: {fileID: 0}
  m_IndirectSpecularColor: {r: 0.44864607, g: 0.4949723, b: 0.5556512, a: 1}
  m_UseRadianceAmbientProbe: 0
--- !u!157 &3
LightmapSettings:
  m_ObjectHideFlags: 0
  serializedVersion: 11
  m_GIWorkflowMode: 0
  m_GISettings:
    serializedVersion: 2
    m_BounceScale: 1
    m_IndirectOutputScale: 1
    m_AlbedoBoost: 1
    m_EnvironmentLightingMode: 0
    m_EnableBakedLightmaps: 1
    m_EnableRealtimeLightmaps: 1
  m_LightmapEditorSettings:
    serializedVersion: 12
    m_Resolution: 2
    m_BakeResolution: 40
    m_AtlasSize: 1024
    m_AO: 0
    m_AOMaxDistance: 1
    m_CompAOExponent: 1
    m_CompAOExponentDirect: 0
    m_ExtractAmbientOcclusion: 0
    m_Padding: 2
    m_LightmapParameters: {fileID: 0}
    m_LightmapsBakeMode: 1
    m_TextureCompression: 1
    m_FinalGather: 0
    m_FinalGatherFiltering: 1
    m_FinalGatherRayCount: 256
    m_ReflectionCompression: 2
    m_MixedBakeMode: 2
    m_BakeBackend: 1
    m_PVRSampling: 1
    m_PVRDirectSampleCount: 32
    m_PVRSampleCount: 500
    m_PVRBounces: 2
    m_PVREnvironmentSampleCount: 500
    m_PVREnvironmentReferencePointCount: 2048
    m_PVRFilteringMode: 2
    m_PVRDenoiserTypeDirect: 0
    m_PVRDenoiserTypeIndirect: 0
    m_PVRDenoiserTypeAO: 0
    m_PVRFilterTypeDirect: 0
    m_PVRFilterTypeIndirect: 0
    m_PVRFilterTypeAO: 0
    m_PVREnvironmentMIS: 0
    m_PVRCulling: 1
    m_PVRFilteringGaussRadiusDirect: 1
    m_PVRFilteringGaussRadiusIndirect: 5
    m_PVRFilteringGaussRadiusAO: 2
    m_PVRFilteringAtrousPositionSigmaDirect: 0.5
    m_PVRFilteringAtrousPositionSigmaIndirect: 2
    m_PVRFilteringAtrousPositionSigmaAO: 1
    m_ExportTrainingData: 0
    m_TrainingDataDestination: TrainingData
  m_LightingDataAsset: {fileID: 0}
  m_UseShadowmask: 1
--- !u!196 &4
NavMeshSettings:
  serializedVersion: 2
  m_ObjectHideFlags: 0
  m_BuildSettings:
    serializedVersion: 2
    agentTypeID: 0
    agentRadius: 0.5
    agentHeight: 2
    agentSlope: 45
    agentClimb: 0.4
    ledgeDropHeight: 0
    maxJumpAcrossDistance: 0
    minRegionArea: 2
    manualCellSize: 0
    cellSize: 0.16666667
    manualTileSize: 0
    tileSize: 256
    accuratePlacement: 0
    debug:
      m_Flags: 0
  m_NavMeshData: {fileID: 23800000, guid: b35cb67b803a3e445bc989f92e6088b9, type: 2}
--- !u!1001 &162605122
PrefabInstance:
  m_ObjectHideFlags: 0
  serializedVersion: 2
  m_Modification:
    m_TransformParent: {fileID: 0}
    m_Modifications:
    - target: {fileID: 7461538210675493346, guid: 54f2108b589ab354eb3d824f605f8368,
        type: 3}
      propertyPath: m_Name
      value: enemie_sword
      objectReference: {fileID: 0}
    - target: {fileID: 7461538210675493346, guid: 54f2108b589ab354eb3d824f605f8368,
        type: 3}
      propertyPath: m_TagString
      value: Enemie
      objectReference: {fileID: 0}
    - target: {fileID: 7461538210675493278, guid: 54f2108b589ab354eb3d824f605f8368,
        type: 3}
      propertyPath: m_LocalPosition.x
      value: 10.5
      objectReference: {fileID: 0}
    - target: {fileID: 7461538210675493278, guid: 54f2108b589ab354eb3d824f605f8368,
        type: 3}
      propertyPath: m_LocalPosition.y
      value: 0.62
      objectReference: {fileID: 0}
    - target: {fileID: 7461538210675493278, guid: 54f2108b589ab354eb3d824f605f8368,
        type: 3}
      propertyPath: m_LocalPosition.z
      value: -0.32
      objectReference: {fileID: 0}
    - target: {fileID: 7461538210675493278, guid: 54f2108b589ab354eb3d824f605f8368,
        type: 3}
      propertyPath: m_LocalRotation.x
      value: -0
      objectReference: {fileID: 0}
    - target: {fileID: 7461538210675493278, guid: 54f2108b589ab354eb3d824f605f8368,
        type: 3}
      propertyPath: m_LocalRotation.y
      value: 0.70710695
      objectReference: {fileID: 0}
    - target: {fileID: 7461538210675493278, guid: 54f2108b589ab354eb3d824f605f8368,
        type: 3}
      propertyPath: m_LocalRotation.z
      value: -0
      objectReference: {fileID: 0}
    - target: {fileID: 7461538210675493278, guid: 54f2108b589ab354eb3d824f605f8368,
        type: 3}
      propertyPath: m_LocalRotation.w
      value: -0.7071067
      objectReference: {fileID: 0}
    - target: {fileID: 7461538210675493278, guid: 54f2108b589ab354eb3d824f605f8368,
        type: 3}
      propertyPath: m_RootOrder
      value: 9
      objectReference: {fileID: 0}
    - target: {fileID: 7461538210675493278, guid: 54f2108b589ab354eb3d824f605f8368,
        type: 3}
      propertyPath: m_LocalEulerAnglesHint.x
      value: 0
      objectReference: {fileID: 0}
    - target: {fileID: 7461538210675493278, guid: 54f2108b589ab354eb3d824f605f8368,
        type: 3}
      propertyPath: m_LocalEulerAnglesHint.y
      value: 270
      objectReference: {fileID: 0}
    - target: {fileID: 7461538210675493278, guid: 54f2108b589ab354eb3d824f605f8368,
        type: 3}
      propertyPath: m_LocalEulerAnglesHint.z
      value: 0
      objectReference: {fileID: 0}
    - target: {fileID: 7461538211235401493, guid: 54f2108b589ab354eb3d824f605f8368,
        type: 3}
      propertyPath: m_Materials.Array.data[0]
      value: 
      objectReference: {fileID: 2100000, guid: bfe2f2f145f464d45b2b1b4e98d89a38, type: 2}
    - target: {fileID: 7461538211289432694, guid: 54f2108b589ab354eb3d824f605f8368,
        type: 3}
      propertyPath: m_Materials.Array.data[0]
      value: 
      objectReference: {fileID: 2100000, guid: bfe2f2f145f464d45b2b1b4e98d89a38, type: 2}
    - target: {fileID: 7461538210640684447, guid: 54f2108b589ab354eb3d824f605f8368,
        type: 3}
      propertyPath: m_Materials.Array.data[0]
      value: 
      objectReference: {fileID: 2100000, guid: bfe2f2f145f464d45b2b1b4e98d89a38, type: 2}
    - target: {fileID: 1092690254, guid: 54f2108b589ab354eb3d824f605f8368, type: 3}
      propertyPath: human_v
      value: 0
      objectReference: {fileID: 0}
    - target: {fileID: 1092690260, guid: 54f2108b589ab354eb3d824f605f8368, type: 3}
      propertyPath: barrColor_v.r
      value: 1
      objectReference: {fileID: 0}
    - target: {fileID: 1092690260, guid: 54f2108b589ab354eb3d824f605f8368, type: 3}
      propertyPath: barrColor_v.g
      value: 0
      objectReference: {fileID: 0}
    - target: {fileID: 1092690260, guid: 54f2108b589ab354eb3d824f605f8368, type: 3}
      propertyPath: barrColor_v.b
      value: 0.2556367
      objectReference: {fileID: 0}
    - target: {fileID: 1092690260, guid: 54f2108b589ab354eb3d824f605f8368, type: 3}
      propertyPath: damageBarrColor_v.a
      value: 1
      objectReference: {fileID: 0}
    - target: {fileID: 1092690260, guid: 54f2108b589ab354eb3d824f605f8368, type: 3}
      propertyPath: damageBarrColor_v.r
      value: 1
      objectReference: {fileID: 0}
    - target: {fileID: 1092690260, guid: 54f2108b589ab354eb3d824f605f8368, type: 3}
      propertyPath: damageBarrColor_v.g
      value: 0.86833227
      objectReference: {fileID: 0}
    - target: {fileID: 1092690260, guid: 54f2108b589ab354eb3d824f605f8368, type: 3}
      propertyPath: damageBarrColor_v.b
      value: 0
      objectReference: {fileID: 0}
    - target: {fileID: 1092690262, guid: 54f2108b589ab354eb3d824f605f8368, type: 3}
      propertyPath: range_v
      value: 2
      objectReference: {fileID: 0}
    m_RemovedComponents: []
  m_SourcePrefab: {fileID: 100100000, guid: 54f2108b589ab354eb3d824f605f8368, type: 3}
--- !u!1 &601809330
GameObject:
  m_ObjectHideFlags: 0
  m_CorrespondingSourceObject: {fileID: 0}
  m_PrefabInstance: {fileID: 0}
  m_PrefabAsset: {fileID: 0}
  serializedVersion: 6
  m_Component:
  - component: {fileID: 601809331}
  - component: {fileID: 601809334}
  - component: {fileID: 601809333}
  m_Layer: 0
  m_Name: n
  m_TagString: Untagged
  m_Icon: {fileID: 0}
  m_NavMeshLayer: 0
  m_StaticEditorFlags: 0
  m_IsActive: 1
--- !u!4 &601809331
Transform:
  m_ObjectHideFlags: 0
  m_CorrespondingSourceObject: {fileID: 0}
  m_PrefabInstance: {fileID: 0}
  m_PrefabAsset: {fileID: 0}
  m_GameObject: {fileID: 601809330}
  m_LocalRotation: {x: -0.38268274, y: -0, z: -0, w: 0.9238798}
  m_LocalPosition: {x: 0, y: -2.853, z: -9.1552}
  m_LocalScale: {x: 7.317326, y: 1, z: 0.8069389}
  m_Children: []
  m_Father: {fileID: 721548338}
  m_RootOrder: 0
  m_LocalEulerAnglesHint: {x: -45.000004, y: 0, z: 0}
--- !u!23 &601809333
MeshRenderer:
  m_ObjectHideFlags: 0
  m_CorrespondingSourceObject: {fileID: 0}
  m_PrefabInstance: {fileID: 0}
  m_PrefabAsset: {fileID: 0}
  m_GameObject: {fileID: 601809330}
  m_Enabled: 1
  m_CastShadows: 1
  m_ReceiveShadows: 1
  m_DynamicOccludee: 1
  m_MotionVectors: 1
  m_LightProbeUsage: 1
  m_ReflectionProbeUsage: 1
  m_RenderingLayerMask: 1
  m_RendererPriority: 0
  m_Materials:
  - {fileID: 10303, guid: 0000000000000000f000000000000000, type: 0}
  m_StaticBatchInfo:
    firstSubMesh: 0
    subMeshCount: 0
  m_StaticBatchRoot: {fileID: 0}
  m_ProbeAnchor: {fileID: 0}
  m_LightProbeVolumeOverride: {fileID: 0}
  m_ScaleInLightmap: 1
  m_ReceiveGI: 1
  m_PreserveUVs: 0
  m_IgnoreNormalsForChartDetection: 0
  m_ImportantGI: 0
  m_StitchLightmapSeams: 0
  m_SelectedEditorRenderState: 3
  m_MinimumChartSize: 4
  m_AutoUVMaxDistance: 0.5
  m_AutoUVMaxAngle: 89
  m_LightmapParameters: {fileID: 0}
  m_SortingLayerID: 0
  m_SortingLayer: 0
  m_SortingOrder: 0
--- !u!33 &601809334
MeshFilter:
  m_ObjectHideFlags: 0
  m_CorrespondingSourceObject: {fileID: 0}
  m_PrefabInstance: {fileID: 0}
  m_PrefabAsset: {fileID: 0}
  m_GameObject: {fileID: 601809330}
  m_Mesh: {fileID: 10209, guid: 0000000000000000e000000000000000, type: 0}
--- !u!1 &608747765
GameObject:
  m_ObjectHideFlags: 0
  m_CorrespondingSourceObject: {fileID: 0}
  m_PrefabInstance: {fileID: 0}
  m_PrefabAsset: {fileID: 0}
  serializedVersion: 6
  m_Component:
  - component: {fileID: 608747766}
  - component: {fileID: 608747769}
  - component: {fileID: 608747768}
  - component: {fileID: 608747767}
  - component: {fileID: 608747770}
  m_Layer: 0
  m_Name: obstacle
  m_TagString: Untagged
  m_Icon: {fileID: 0}
  m_NavMeshLayer: 0
  m_StaticEditorFlags: 4294967263
  m_IsActive: 0
--- !u!4 &608747766
Transform:
  m_ObjectHideFlags: 0
  m_CorrespondingSourceObject: {fileID: 0}
  m_PrefabInstance: {fileID: 0}
  m_PrefabAsset: {fileID: 0}
  m_GameObject: {fileID: 608747765}
  m_LocalRotation: {x: -0, y: -0, z: -0, w: 1}
  m_LocalPosition: {x: -0.5, y: 2.2611, z: 3.5346}
  m_LocalScale: {x: 1, y: 4.5222, z: 1}
  m_Children: []
  m_Father: {fileID: 721548338}
  m_RootOrder: 4
  m_LocalEulerAnglesHint: {x: 0, y: 0, z: 0}
--- !u!65 &608747767
BoxCollider:
  m_ObjectHideFlags: 0
  m_CorrespondingSourceObject: {fileID: 0}
  m_PrefabInstance: {fileID: 0}
  m_PrefabAsset: {fileID: 0}
  m_GameObject: {fileID: 608747765}
  m_Material: {fileID: 0}
  m_IsTrigger: 0
  m_Enabled: 1
  serializedVersion: 2
  m_Size: {x: 1, y: 1, z: 1}
  m_Center: {x: 0, y: 0, z: 0}
--- !u!23 &608747768
MeshRenderer:
  m_ObjectHideFlags: 0
  m_CorrespondingSourceObject: {fileID: 0}
  m_PrefabInstance: {fileID: 0}
  m_PrefabAsset: {fileID: 0}
  m_GameObject: {fileID: 608747765}
  m_Enabled: 1
  m_CastShadows: 1
  m_ReceiveShadows: 1
  m_DynamicOccludee: 1
  m_MotionVectors: 1
  m_LightProbeUsage: 1
  m_ReflectionProbeUsage: 1
  m_RenderingLayerMask: 1
  m_RendererPriority: 0
  m_Materials:
  - {fileID: 10303, guid: 0000000000000000f000000000000000, type: 0}
  m_StaticBatchInfo:
    firstSubMesh: 0
    subMeshCount: 0
  m_StaticBatchRoot: {fileID: 0}
  m_ProbeAnchor: {fileID: 0}
  m_LightProbeVolumeOverride: {fileID: 0}
  m_ScaleInLightmap: 1
  m_ReceiveGI: 1
  m_PreserveUVs: 0
  m_IgnoreNormalsForChartDetection: 0
  m_ImportantGI: 0
  m_StitchLightmapSeams: 0
  m_SelectedEditorRenderState: 3
  m_MinimumChartSize: 4
  m_AutoUVMaxDistance: 0.5
  m_AutoUVMaxAngle: 89
  m_LightmapParameters: {fileID: 0}
  m_SortingLayerID: 0
  m_SortingLayer: 0
  m_SortingOrder: 0
--- !u!33 &608747769
MeshFilter:
  m_ObjectHideFlags: 0
  m_CorrespondingSourceObject: {fileID: 0}
  m_PrefabInstance: {fileID: 0}
  m_PrefabAsset: {fileID: 0}
  m_GameObject: {fileID: 608747765}
  m_Mesh: {fileID: 10202, guid: 0000000000000000e000000000000000, type: 0}
--- !u!208 &608747770
NavMeshObstacle:
  m_ObjectHideFlags: 0
  m_CorrespondingSourceObject: {fileID: 0}
  m_PrefabInstance: {fileID: 0}
  m_PrefabAsset: {fileID: 0}
  m_GameObject: {fileID: 608747765}
  m_Enabled: 1
  serializedVersion: 3
  m_Shape: 1
  m_Extents: {x: 0.5, y: 0.5, z: 0.5}
  m_MoveThreshold: 0.1
  m_Carve: 1
  m_CarveOnlyStationary: 1
  m_Center: {x: 0, y: 0, z: 0}
  m_TimeToStationary: 0.5
--- !u!1 &651944421
GameObject:
  m_ObjectHideFlags: 0
  m_CorrespondingSourceObject: {fileID: 0}
  m_PrefabInstance: {fileID: 0}
  m_PrefabAsset: {fileID: 0}
  serializedVersion: 6
  m_Component:
  - component: {fileID: 651944422}
  - component: {fileID: 651944425}
  - component: {fileID: 651944424}
  - component: {fileID: 651944423}
  - component: {fileID: 651944426}
  m_Layer: 0
  m_Name: obstacle
  m_TagString: Untagged
  m_Icon: {fileID: 0}
  m_NavMeshLayer: 0
  m_StaticEditorFlags: 4294967263
  m_IsActive: 1
--- !u!4 &651944422
Transform:
  m_ObjectHideFlags: 0
  m_CorrespondingSourceObject: {fileID: 0}
  m_PrefabInstance: {fileID: 0}
  m_PrefabAsset: {fileID: 0}
  m_GameObject: {fileID: 651944421}
  m_LocalRotation: {x: -0, y: -0, z: -0, w: 1}
  m_LocalPosition: {x: 5.38, y: 0.69, z: -0.4}
  m_LocalScale: {x: 0.65776217, y: 2.120686, z: 6.500413}
  m_Children: []
  m_Father: {fileID: 721548338}
  m_RootOrder: 5
  m_LocalEulerAnglesHint: {x: 0, y: 0, z: 0}
--- !u!65 &651944423
BoxCollider:
  m_ObjectHideFlags: 0
  m_CorrespondingSourceObject: {fileID: 0}
  m_PrefabInstance: {fileID: 0}
  m_PrefabAsset: {fileID: 0}
  m_GameObject: {fileID: 651944421}
  m_Material: {fileID: 0}
  m_IsTrigger: 0
  m_Enabled: 1
  serializedVersion: 2
  m_Size: {x: 1, y: 1, z: 1}
  m_Center: {x: 0, y: 0, z: 0}
--- !u!23 &651944424
MeshRenderer:
  m_ObjectHideFlags: 0
  m_CorrespondingSourceObject: {fileID: 0}
  m_PrefabInstance: {fileID: 0}
  m_PrefabAsset: {fileID: 0}
  m_GameObject: {fileID: 651944421}
  m_Enabled: 1
  m_CastShadows: 1
  m_ReceiveShadows: 1
  m_DynamicOccludee: 1
  m_MotionVectors: 1
  m_LightProbeUsage: 1
  m_ReflectionProbeUsage: 1
  m_RenderingLayerMask: 1
  m_RendererPriority: 0
  m_Materials:
  - {fileID: 10303, guid: 0000000000000000f000000000000000, type: 0}
  m_StaticBatchInfo:
    firstSubMesh: 0
    subMeshCount: 0
  m_StaticBatchRoot: {fileID: 0}
  m_ProbeAnchor: {fileID: 0}
  m_LightProbeVolumeOverride: {fileID: 0}
  m_ScaleInLightmap: 1
  m_ReceiveGI: 1
  m_PreserveUVs: 0
  m_IgnoreNormalsForChartDetection: 0
  m_ImportantGI: 0
  m_StitchLightmapSeams: 0
  m_SelectedEditorRenderState: 3
  m_MinimumChartSize: 4
  m_AutoUVMaxDistance: 0.5
  m_AutoUVMaxAngle: 89
  m_LightmapParameters: {fileID: 0}
  m_SortingLayerID: 0
  m_SortingLayer: 0
  m_SortingOrder: 0
--- !u!33 &651944425
MeshFilter:
  m_ObjectHideFlags: 0
  m_CorrespondingSourceObject: {fileID: 0}
  m_PrefabInstance: {fileID: 0}
  m_PrefabAsset: {fileID: 0}
  m_GameObject: {fileID: 651944421}
  m_Mesh: {fileID: 10202, guid: 0000000000000000e000000000000000, type: 0}
--- !u!208 &651944426
NavMeshObstacle:
  m_ObjectHideFlags: 0
  m_CorrespondingSourceObject: {fileID: 0}
  m_PrefabInstance: {fileID: 0}
  m_PrefabAsset: {fileID: 0}
  m_GameObject: {fileID: 651944421}
  m_Enabled: 1
  serializedVersion: 3
  m_Shape: 1
  m_Extents: {x: 0.5, y: 0.5, z: 0.5}
  m_MoveThreshold: 0.1
  m_Carve: 1
  m_CarveOnlyStationary: 1
  m_Center: {x: 0, y: 0, z: 0}
  m_TimeToStationary: 0.5
--- !u!1 &672174515
GameObject:
  m_ObjectHideFlags: 0
  m_CorrespondingSourceObject: {fileID: 0}
  m_PrefabInstance: {fileID: 0}
  m_PrefabAsset: {fileID: 0}
  serializedVersion: 6
  m_Component:
  - component: {fileID: 672174516}
  - component: {fileID: 672174519}
  - component: {fileID: 672174518}
  - component: {fileID: 672174517}
  m_Layer: 0
  m_Name: agua
  m_TagString: Untagged
  m_Icon: {fileID: 0}
  m_NavMeshLayer: 0
  m_StaticEditorFlags: 0
  m_IsActive: 1
--- !u!4 &672174516
Transform:
  m_ObjectHideFlags: 0
  m_CorrespondingSourceObject: {fileID: 0}
  m_PrefabInstance: {fileID: 0}
  m_PrefabAsset: {fileID: 0}
  m_GameObject: {fileID: 672174515}
  m_LocalRotation: {x: -0, y: -0, z: -0, w: 1}
  m_LocalPosition: {x: 0, y: -2, z: 0}
  m_LocalScale: {x: 13.9153595, y: 1, z: 9.296412}
  m_Children: []
  m_Father: {fileID: 721548338}
  m_RootOrder: 2
  m_LocalEulerAnglesHint: {x: 0, y: 0, z: 0}
--- !u!65 &672174517
BoxCollider:
  m_ObjectHideFlags: 0
  m_CorrespondingSourceObject: {fileID: 0}
  m_PrefabInstance: {fileID: 0}
  m_PrefabAsset: {fileID: 0}
  m_GameObject: {fileID: 672174515}
  m_Material: {fileID: 0}
  m_IsTrigger: 0
  m_Enabled: 0
  serializedVersion: 2
  m_Size: {x: 9.999999, y: 2.220446e-16, z: 10}
  m_Center: {x: 0, y: 0, z: 0}
--- !u!23 &672174518
MeshRenderer:
  m_ObjectHideFlags: 0
  m_CorrespondingSourceObject: {fileID: 0}
  m_PrefabInstance: {fileID: 0}
  m_PrefabAsset: {fileID: 0}
  m_GameObject: {fileID: 672174515}
  m_Enabled: 1
  m_CastShadows: 1
  m_ReceiveShadows: 1
  m_DynamicOccludee: 1
  m_MotionVectors: 1
  m_LightProbeUsage: 1
  m_ReflectionProbeUsage: 1
  m_RenderingLayerMask: 1
  m_RendererPriority: 0
  m_Materials:
  - {fileID: 2100000, guid: 454dae6d28f378249b32e27af4322179, type: 2}
  m_StaticBatchInfo:
    firstSubMesh: 0
    subMeshCount: 0
  m_StaticBatchRoot: {fileID: 0}
  m_ProbeAnchor: {fileID: 0}
  m_LightProbeVolumeOverride: {fileID: 0}
  m_ScaleInLightmap: 1
  m_ReceiveGI: 1
  m_PreserveUVs: 0
  m_IgnoreNormalsForChartDetection: 0
  m_ImportantGI: 0
  m_StitchLightmapSeams: 0
  m_SelectedEditorRenderState: 3
  m_MinimumChartSize: 4
  m_AutoUVMaxDistance: 0.5
  m_AutoUVMaxAngle: 89
  m_LightmapParameters: {fileID: 0}
  m_SortingLayerID: 0
  m_SortingLayer: 0
  m_SortingOrder: 0
--- !u!33 &672174519
MeshFilter:
  m_ObjectHideFlags: 0
  m_CorrespondingSourceObject: {fileID: 0}
  m_PrefabInstance: {fileID: 0}
  m_PrefabAsset: {fileID: 0}
  m_GameObject: {fileID: 672174515}
  m_Mesh: {fileID: 10209, guid: 0000000000000000e000000000000000, type: 0}
--- !u!1 &672434213
GameObject:
  m_ObjectHideFlags: 0
  m_CorrespondingSourceObject: {fileID: 0}
  m_PrefabInstance: {fileID: 0}
  m_PrefabAsset: {fileID: 0}
  serializedVersion: 6
  m_Component:
  - component: {fileID: 672434214}
  - component: {fileID: 672434217}
  - component: {fileID: 672434216}
  - component: {fileID: 672434215}
  - component: {fileID: 672434218}
  m_Layer: 0
  m_Name: chao
  m_TagString: Untagged
  m_Icon: {fileID: 0}
  m_NavMeshLayer: 0
  m_StaticEditorFlags: 4294967295
  m_IsActive: 1
--- !u!4 &672434214
Transform:
  m_ObjectHideFlags: 0
  m_CorrespondingSourceObject: {fileID: 0}
  m_PrefabInstance: {fileID: 0}
  m_PrefabAsset: {fileID: 0}
  m_GameObject: {fileID: 672434213}
  m_LocalRotation: {x: -0, y: -0, z: -0, w: 1}
  m_LocalPosition: {x: 0, y: 0, z: 0}
  m_LocalScale: {x: 7.317326, y: 1, z: 1.2604386}
  m_Children: []
  m_Father: {fileID: 721548338}
  m_RootOrder: 3
  m_LocalEulerAnglesHint: {x: 0, y: 0, z: 0}
--- !u!64 &672434215
MeshCollider:
  m_ObjectHideFlags: 0
  m_CorrespondingSourceObject: {fileID: 0}
  m_PrefabInstance: {fileID: 0}
  m_PrefabAsset: {fileID: 0}
  m_GameObject: {fileID: 672434213}
  m_Material: {fileID: 0}
  m_IsTrigger: 0
  m_Enabled: 1
  serializedVersion: 3
  m_Convex: 0
  m_CookingOptions: 14
  m_Mesh: {fileID: 10209, guid: 0000000000000000e000000000000000, type: 0}
--- !u!23 &672434216
MeshRenderer:
  m_ObjectHideFlags: 0
  m_CorrespondingSourceObject: {fileID: 0}
  m_PrefabInstance: {fileID: 0}
  m_PrefabAsset: {fileID: 0}
  m_GameObject: {fileID: 672434213}
  m_Enabled: 1
  m_CastShadows: 1
  m_ReceiveShadows: 1
  m_DynamicOccludee: 1
  m_MotionVectors: 1
  m_LightProbeUsage: 1
  m_ReflectionProbeUsage: 1
  m_RenderingLayerMask: 1
  m_RendererPriority: 0
  m_Materials:
  - {fileID: 10303, guid: 0000000000000000f000000000000000, type: 0}
  m_StaticBatchInfo:
    firstSubMesh: 0
    subMeshCount: 0
  m_StaticBatchRoot: {fileID: 0}
  m_ProbeAnchor: {fileID: 0}
  m_LightProbeVolumeOverride: {fileID: 0}
  m_ScaleInLightmap: 1
  m_ReceiveGI: 1
  m_PreserveUVs: 0
  m_IgnoreNormalsForChartDetection: 0
  m_ImportantGI: 0
  m_StitchLightmapSeams: 0
  m_SelectedEditorRenderState: 3
  m_MinimumChartSize: 4
  m_AutoUVMaxDistance: 0.5
  m_AutoUVMaxAngle: 89
  m_LightmapParameters: {fileID: 0}
  m_SortingLayerID: 0
  m_SortingLayer: 0
  m_SortingOrder: 0
--- !u!33 &672434217
MeshFilter:
  m_ObjectHideFlags: 0
  m_CorrespondingSourceObject: {fileID: 0}
  m_PrefabInstance: {fileID: 0}
  m_PrefabAsset: {fileID: 0}
  m_GameObject: {fileID: 672434213}
  m_Mesh: {fileID: 10209, guid: 0000000000000000e000000000000000, type: 0}
--- !u!208 &672434218
NavMeshObstacle:
  m_ObjectHideFlags: 0
  m_CorrespondingSourceObject: {fileID: 0}
  m_PrefabInstance: {fileID: 0}
  m_PrefabAsset: {fileID: 0}
  m_GameObject: {fileID: 672434213}
  m_Enabled: 1
  serializedVersion: 3
  m_Shape: 1
  m_Extents: {x: 5, y: 0.00001, z: 5}
  m_MoveThreshold: 0.1
  m_Carve: 0
  m_CarveOnlyStationary: 1
  m_Center: {x: 0, y: 0, z: 0}
  m_TimeToStationary: 0.5
--- !u!1 &720255579
GameObject:
  m_ObjectHideFlags: 0
  m_CorrespondingSourceObject: {fileID: 0}
  m_PrefabInstance: {fileID: 0}
  m_PrefabAsset: {fileID: 0}
  serializedVersion: 6
  m_Component:
  - component: {fileID: 720255582}
  - component: {fileID: 720255581}
  - component: {fileID: 720255580}
  - component: {fileID: 720255583}
  - component: {fileID: 720255584}
  m_Layer: 0
  m_Name: Main Camera
  m_TagString: MainCamera
  m_Icon: {fileID: 0}
  m_NavMeshLayer: 0
  m_StaticEditorFlags: 0
  m_IsActive: 1
--- !u!81 &720255580
AudioListener:
  m_ObjectHideFlags: 0
  m_CorrespondingSourceObject: {fileID: 0}
  m_PrefabInstance: {fileID: 0}
  m_PrefabAsset: {fileID: 0}
  m_GameObject: {fileID: 720255579}
  m_Enabled: 1
--- !u!20 &720255581
Camera:
  m_ObjectHideFlags: 0
  m_CorrespondingSourceObject: {fileID: 0}
  m_PrefabInstance: {fileID: 0}
  m_PrefabAsset: {fileID: 0}
  m_GameObject: {fileID: 720255579}
  m_Enabled: 1
  serializedVersion: 2
  m_ClearFlags: 1
  m_BackGroundColor: {r: 0.19215687, g: 0.3019608, b: 0.4745098, a: 0}
  m_projectionMatrixMode: 1
  m_GateFitMode: 2
  m_FOVAxisMode: 0
  m_SensorSize: {x: 36, y: 24}
  m_LensShift: {x: 0, y: 0}
  m_FocalLength: 50
  m_NormalizedViewPortRect:
    serializedVersion: 2
    x: 0
    y: 0
    width: 1
    height: 1
  near clip plane: 0.3
  far clip plane: 1000
  field of view: 40
  orthographic: 0
  orthographic size: 5
  m_Depth: -1
  m_CullingMask:
    serializedVersion: 2
    m_Bits: 4294967295
  m_RenderingPath: -1
  m_TargetTexture: {fileID: 0}
  m_TargetDisplay: 0
  m_TargetEye: 3
  m_HDR: 1
  m_AllowMSAA: 1
  m_AllowDynamicResolution: 0
  m_ForceIntoRT: 0
  m_OcclusionCulling: 1
  m_StereoConvergence: 10
  m_StereoSeparation: 0.022
--- !u!4 &720255582
Transform:
  m_ObjectHideFlags: 0
  m_CorrespondingSourceObject: {fileID: 0}
  m_PrefabInstance: {fileID: 0}
  m_PrefabAsset: {fileID: 0}
  m_GameObject: {fileID: 720255579}
  m_LocalRotation: {x: 0.5, y: 0, z: 0, w: 0.8660254}
  m_LocalPosition: {x: 7.41, y: 33.1, z: -14.4}
  m_LocalScale: {x: 1, y: 1, z: 1}
  m_Children: []
  m_Father: {fileID: 0}
  m_RootOrder: 0
  m_LocalEulerAnglesHint: {x: 60, y: 0, z: 0}
--- !u!114 &720255583
MonoBehaviour:
  m_ObjectHideFlags: 0
  m_CorrespondingSourceObject: {fileID: 0}
  m_PrefabInstance: {fileID: 0}
  m_PrefabAsset: {fileID: 0}
  m_GameObject: {fileID: 720255579}
  m_Enabled: 1
  m_EditorHideFlags: 0
  m_Script: {fileID: 11500000, guid: d6ffbf6ffd92aad4b9ddd282de44ab8e, type: 3}
  m_Name: 
  m_EditorClassIdentifier: 
  target_v: {fileID: 0}
  pointDisTarget_v: {fileID: 0}
  limitSegueDistance_v: 0
  sensibilityx_v: 1.1
  sensibilityy_v: 0
  sensibilityz_v: 1.1
  discontx: -5
  disconty: 0
  discontz: 15
  cordenadasEnablex_v: 1
  cordenadasEnabley_v: 0
  cordenadasEnablez_v: 1
  tagNameTarget_v: 
  invert_v: 1
  limitSegueDown_v: 0
  limitSegueUp_v: 0
  limitSegueRigth_v: 0
  limitSegueLeft_v: 0
  limitSegueFront_v: 0
  limitSegueBack_v: 0
  seguindo_v: 0
  distanciaTarget_v: 0
--- !u!114 &720255584
MonoBehaviour:
  m_ObjectHideFlags: 0
  m_CorrespondingSourceObject: {fileID: 0}
  m_PrefabInstance: {fileID: 0}
  m_PrefabAsset: {fileID: 0}
  m_GameObject: {fileID: 720255579}
  m_Enabled: 1
  m_EditorHideFlags: 0
  m_Script: {fileID: 11500000, guid: 0b8329bab079f8c4e85424b3792cfa8d, type: 3}
  m_Name: 
  m_EditorClassIdentifier: 
  vel_v: 1.1
  margim: 200
--- !u!1 &721548337
GameObject:
  m_ObjectHideFlags: 0
  m_CorrespondingSourceObject: {fileID: 0}
  m_PrefabInstance: {fileID: 0}
  m_PrefabAsset: {fileID: 0}
  serializedVersion: 6
  m_Component:
  - component: {fileID: 721548338}
  m_Layer: 0
  m_Name: cenario
  m_TagString: Untagged
  m_Icon: {fileID: 0}
  m_NavMeshLayer: 0
  m_StaticEditorFlags: 0
  m_IsActive: 1
--- !u!4 &721548338
Transform:
  m_ObjectHideFlags: 0
  m_CorrespondingSourceObject: {fileID: 0}
  m_PrefabInstance: {fileID: 0}
  m_PrefabAsset: {fileID: 0}
  m_GameObject: {fileID: 721548337}
  m_LocalRotation: {x: 0, y: 0, z: 0, w: 1}
  m_LocalPosition: {x: 0, y: 0, z: 0}
  m_LocalScale: {x: 1, y: 1, z: 1}
  m_Children:
  - {fileID: 601809331}
  - {fileID: 843718618}
  - {fileID: 672174516}
  - {fileID: 672434214}
  - {fileID: 608747766}
  - {fileID: 651944422}
  - {fileID: 1400909627}
  m_Father: {fileID: 0}
  m_RootOrder: 2
  m_LocalEulerAnglesHint: {x: 0, y: 0, z: 0}
--- !u!1 &754942885 stripped
GameObject:
  m_CorrespondingSourceObject: {fileID: 7461538210675493346, guid: 54f2108b589ab354eb3d824f605f8368,
    type: 3}
  m_PrefabInstance: {fileID: 2141123450}
  m_PrefabAsset: {fileID: 0}
--- !u!114 &754942886
MonoBehaviour:
  m_ObjectHideFlags: 0
  m_CorrespondingSourceObject: {fileID: 0}
  m_PrefabInstance: {fileID: 0}
  m_PrefabAsset: {fileID: 0}
  m_GameObject: {fileID: 754942885}
  m_Enabled: 0
  m_EditorHideFlags: 0
  m_Script: {fileID: 11500000, guid: 4e6aef1adecd8d4429ce49a4b521a5e3, type: 3}
  m_Name: 
  m_EditorClassIdentifier: 
  player_s: {fileID: 754942888}
  input_s: {fileID: 754942892}
  selecionavel_s: {fileID: 754942887}
  playerSelect_s: {fileID: 754942899}
  controleDeTurn_s: {fileID: 754942890}
  controleBatalha_s: {fileID: 1870622793}
  dano_s: {fileID: 754942889}
  movimentacao_s: {fileID: 754942893}
  started: 0
--- !u!114 &754942887 stripped
MonoBehaviour:
  m_CorrespondingSourceObject: {fileID: 1092690255, guid: 54f2108b589ab354eb3d824f605f8368,
    type: 3}
  m_PrefabInstance: {fileID: 2141123450}
  m_PrefabAsset: {fileID: 0}
  m_GameObject: {fileID: 754942885}
  m_Enabled: 1
  m_EditorHideFlags: 0
  m_Script: {fileID: 11500000, guid: 2ad73aacadff22043921d131e84e7f8b, type: 3}
  m_Name: 
  m_EditorClassIdentifier: 
--- !u!114 &754942888 stripped
MonoBehaviour:
  m_CorrespondingSourceObject: {fileID: 1092690262, guid: 54f2108b589ab354eb3d824f605f8368,
    type: 3}
  m_PrefabInstance: {fileID: 2141123450}
  m_PrefabAsset: {fileID: 0}
  m_GameObject: {fileID: 754942885}
  m_Enabled: 1
  m_EditorHideFlags: 0
  m_Script: {fileID: 11500000, guid: c258c4d6be3ab314bac98afb6f02db21, type: 3}
  m_Name: 
  m_EditorClassIdentifier: 
--- !u!114 &754942889 stripped
MonoBehaviour:
  m_CorrespondingSourceObject: {fileID: 7508142028167827710, guid: 54f2108b589ab354eb3d824f605f8368,
    type: 3}
  m_PrefabInstance: {fileID: 2141123450}
  m_PrefabAsset: {fileID: 0}
  m_GameObject: {fileID: 754942885}
  m_Enabled: 1
  m_EditorHideFlags: 0
  m_Script: {fileID: 11500000, guid: c4f9a37a8fcf95740b4f82d621e1440e, type: 3}
  m_Name: 
  m_EditorClassIdentifier: 
--- !u!114 &754942890 stripped
MonoBehaviour:
  m_CorrespondingSourceObject: {fileID: 1092690278, guid: 54f2108b589ab354eb3d824f605f8368,
    type: 3}
  m_PrefabInstance: {fileID: 2141123450}
  m_PrefabAsset: {fileID: 0}
  m_GameObject: {fileID: 754942885}
  m_Enabled: 1
  m_EditorHideFlags: 0
  m_Script: {fileID: 11500000, guid: 76571c3288658a64d999905b4b0ac4f3, type: 3}
  m_Name: 
  m_EditorClassIdentifier: 
--- !u!114 &754942892 stripped
MonoBehaviour:
  m_CorrespondingSourceObject: {fileID: 1092690254, guid: 54f2108b589ab354eb3d824f605f8368,
    type: 3}
  m_PrefabInstance: {fileID: 2141123450}
  m_PrefabAsset: {fileID: 0}
  m_GameObject: {fileID: 754942885}
  m_Enabled: 1
  m_EditorHideFlags: 0
  m_Script: {fileID: 11500000, guid: 1cf0b590e80a4ab4088fbc23c8870073, type: 3}
  m_Name: 
  m_EditorClassIdentifier: 
--- !u!114 &754942893 stripped
MonoBehaviour:
  m_CorrespondingSourceObject: {fileID: 7461538210675493347, guid: 54f2108b589ab354eb3d824f605f8368,
    type: 3}
  m_PrefabInstance: {fileID: 2141123450}
  m_PrefabAsset: {fileID: 0}
  m_GameObject: {fileID: 754942885}
  m_Enabled: 1
  m_EditorHideFlags: 0
  m_Script: {fileID: 11500000, guid: e94e31e3ab565f84b984d8c22a905ae3, type: 3}
  m_Name: 
  m_EditorClassIdentifier: 
--- !u!114 &754942899 stripped
MonoBehaviour:
  m_CorrespondingSourceObject: {fileID: 1092690261, guid: 54f2108b589ab354eb3d824f605f8368,
    type: 3}
  m_PrefabInstance: {fileID: 2141123450}
  m_PrefabAsset: {fileID: 0}
  m_GameObject: {fileID: 754942885}
  m_Enabled: 1
  m_EditorHideFlags: 0
  m_Script: {fileID: 11500000, guid: 64bd89070b4b6cb49bf6b31c43c71196, type: 3}
  m_Name: 
  m_EditorClassIdentifier: 
--- !u!1 &843718617
GameObject:
  m_ObjectHideFlags: 0
  m_CorrespondingSourceObject: {fileID: 0}
  m_PrefabInstance: {fileID: 0}
  m_PrefabAsset: {fileID: 0}
  serializedVersion: 6
  m_Component:
  - component: {fileID: 843718618}
  - component: {fileID: 843718621}
  - component: {fileID: 843718620}
  m_Layer: 0
  m_Name: n
  m_TagString: Untagged
  m_Icon: {fileID: 0}
  m_NavMeshLayer: 0
  m_StaticEditorFlags: 0
  m_IsActive: 1
--- !u!4 &843718618
Transform:
  m_ObjectHideFlags: 0
  m_CorrespondingSourceObject: {fileID: 0}
  m_PrefabInstance: {fileID: 0}
  m_PrefabAsset: {fileID: 0}
  m_GameObject: {fileID: 843718617}
  m_LocalRotation: {x: 0.23928852, y: -0, z: -0, w: 0.9709486}
  m_LocalPosition: {x: 0, y: -1.8748, z: 9.8748}
  m_LocalScale: {x: 7.317326, y: 1, z: 0.806939}
  m_Children: []
  m_Father: {fileID: 721548338}
  m_RootOrder: 1
  m_LocalEulerAnglesHint: {x: 27.689001, y: 0, z: 0}
--- !u!23 &843718620
MeshRenderer:
  m_ObjectHideFlags: 0
  m_CorrespondingSourceObject: {fileID: 0}
  m_PrefabInstance: {fileID: 0}
  m_PrefabAsset: {fileID: 0}
  m_GameObject: {fileID: 843718617}
  m_Enabled: 1
  m_CastShadows: 1
  m_ReceiveShadows: 1
  m_DynamicOccludee: 1
  m_MotionVectors: 1
  m_LightProbeUsage: 1
  m_ReflectionProbeUsage: 1
  m_RenderingLayerMask: 1
  m_RendererPriority: 0
  m_Materials:
  - {fileID: 10303, guid: 0000000000000000f000000000000000, type: 0}
  m_StaticBatchInfo:
    firstSubMesh: 0
    subMeshCount: 0
  m_StaticBatchRoot: {fileID: 0}
  m_ProbeAnchor: {fileID: 0}
  m_LightProbeVolumeOverride: {fileID: 0}
  m_ScaleInLightmap: 1
  m_ReceiveGI: 1
  m_PreserveUVs: 0
  m_IgnoreNormalsForChartDetection: 0
  m_ImportantGI: 0
  m_StitchLightmapSeams: 0
  m_SelectedEditorRenderState: 3
  m_MinimumChartSize: 4
  m_AutoUVMaxDistance: 0.5
  m_AutoUVMaxAngle: 89
  m_LightmapParameters: {fileID: 0}
  m_SortingLayerID: 0
  m_SortingLayer: 0
  m_SortingOrder: 0
--- !u!33 &843718621
MeshFilter:
  m_ObjectHideFlags: 0
  m_CorrespondingSourceObject: {fileID: 0}
  m_PrefabInstance: {fileID: 0}
  m_PrefabAsset: {fileID: 0}
  m_GameObject: {fileID: 843718617}
  m_Mesh: {fileID: 10209, guid: 0000000000000000e000000000000000, type: 0}
--- !u!1001 &905183972
PrefabInstance:
  m_ObjectHideFlags: 0
  serializedVersion: 2
  m_Modification:
    m_TransformParent: {fileID: 0}
    m_Modifications:
    - target: {fileID: 7461538210675493346, guid: 54f2108b589ab354eb3d824f605f8368,
        type: 3}
      propertyPath: m_Name
      value: marth
      objectReference: {fileID: 0}
    - target: {fileID: 7461538210675493346, guid: 54f2108b589ab354eb3d824f605f8368,
        type: 3}
      propertyPath: m_IsActive
      value: 1
      objectReference: {fileID: 0}
    - target: {fileID: 7461538210675493278, guid: 54f2108b589ab354eb3d824f605f8368,
        type: 3}
      propertyPath: m_LocalPosition.x
      value: 1.24
      objectReference: {fileID: 0}
    - target: {fileID: 7461538210675493278, guid: 54f2108b589ab354eb3d824f605f8368,
        type: 3}
      propertyPath: m_LocalPosition.y
      value: 0.62
      objectReference: {fileID: 0}
    - target: {fileID: 7461538210675493278, guid: 54f2108b589ab354eb3d824f605f8368,
        type: 3}
      propertyPath: m_LocalPosition.z
      value: -2.51
      objectReference: {fileID: 0}
    - target: {fileID: 7461538210675493278, guid: 54f2108b589ab354eb3d824f605f8368,
        type: 3}
      propertyPath: m_LocalRotation.x
      value: -0
      objectReference: {fileID: 0}
    - target: {fileID: 7461538210675493278, guid: 54f2108b589ab354eb3d824f605f8368,
        type: 3}
      propertyPath: m_LocalRotation.y
      value: 0.70710707
      objectReference: {fileID: 0}
    - target: {fileID: 7461538210675493278, guid: 54f2108b589ab354eb3d824f605f8368,
        type: 3}
      propertyPath: m_LocalRotation.z
      value: -0
      objectReference: {fileID: 0}
    - target: {fileID: 7461538210675493278, guid: 54f2108b589ab354eb3d824f605f8368,
        type: 3}
      propertyPath: m_LocalRotation.w
      value: 0.70710653
      objectReference: {fileID: 0}
    - target: {fileID: 7461538210675493278, guid: 54f2108b589ab354eb3d824f605f8368,
        type: 3}
      propertyPath: m_RootOrder
      value: 7
      objectReference: {fileID: 0}
    - target: {fileID: 7461538210675493278, guid: 54f2108b589ab354eb3d824f605f8368,
        type: 3}
      propertyPath: m_LocalEulerAnglesHint.x
      value: 0
      objectReference: {fileID: 0}
    - target: {fileID: 7461538210675493278, guid: 54f2108b589ab354eb3d824f605f8368,
        type: 3}
      propertyPath: m_LocalEulerAnglesHint.y
      value: 90.00001
      objectReference: {fileID: 0}
    - target: {fileID: 7461538210675493278, guid: 54f2108b589ab354eb3d824f605f8368,
        type: 3}
      propertyPath: m_LocalEulerAnglesHint.z
      value: 0
      objectReference: {fileID: 0}
    - target: {fileID: 1092690254, guid: 54f2108b589ab354eb3d824f605f8368, type: 3}
      propertyPath: human_v
      value: 1
      objectReference: {fileID: 0}
    - target: {fileID: 1092690262, guid: 54f2108b589ab354eb3d824f605f8368, type: 3}
      propertyPath: range_v
      value: 2
      objectReference: {fileID: 0}
    m_RemovedComponents: []
  m_SourcePrefab: {fileID: 100100000, guid: 54f2108b589ab354eb3d824f605f8368, type: 3}
--- !u!1 &1128075209
GameObject:
  m_ObjectHideFlags: 0
  m_CorrespondingSourceObject: {fileID: 0}
  m_PrefabInstance: {fileID: 0}
  m_PrefabAsset: {fileID: 0}
  serializedVersion: 6
  m_Component:
  - component: {fileID: 1128075213}
  - component: {fileID: 1128075212}
  - component: {fileID: 1128075211}
  - component: {fileID: 1128075210}
  m_Layer: 5
  m_Name: Canvas
  m_TagString: Untagged
  m_Icon: {fileID: 0}
  m_NavMeshLayer: 0
  m_StaticEditorFlags: 0
  m_IsActive: 1
--- !u!114 &1128075210
MonoBehaviour:
  m_ObjectHideFlags: 0
  m_CorrespondingSourceObject: {fileID: 0}
  m_PrefabInstance: {fileID: 0}
  m_PrefabAsset: {fileID: 0}
  m_GameObject: {fileID: 1128075209}
  m_Enabled: 1
  m_EditorHideFlags: 0
  m_Script: {fileID: 11500000, guid: dc42784cf147c0c48a680349fa168899, type: 3}
  m_Name: 
  m_EditorClassIdentifier: 
  m_IgnoreReversedGraphics: 1
  m_BlockingObjects: 0
  m_BlockingMask:
    serializedVersion: 2
    m_Bits: 4294967295
--- !u!114 &1128075211
MonoBehaviour:
  m_ObjectHideFlags: 0
  m_CorrespondingSourceObject: {fileID: 0}
  m_PrefabInstance: {fileID: 0}
  m_PrefabAsset: {fileID: 0}
  m_GameObject: {fileID: 1128075209}
  m_Enabled: 1
  m_EditorHideFlags: 0
  m_Script: {fileID: 11500000, guid: 0cd44c1031e13a943bb63640046fad76, type: 3}
  m_Name: 
  m_EditorClassIdentifier: 
  m_UiScaleMode: 1
  m_ReferencePixelsPerUnit: 100
  m_ScaleFactor: 1
  m_ReferenceResolution: {x: 1366, y: 768}
  m_ScreenMatchMode: 0
  m_MatchWidthOrHeight: 0
  m_PhysicalUnit: 3
  m_FallbackScreenDPI: 96
  m_DefaultSpriteDPI: 96
  m_DynamicPixelsPerUnit: 1
--- !u!223 &1128075212
Canvas:
  m_ObjectHideFlags: 0
  m_CorrespondingSourceObject: {fileID: 0}
  m_PrefabInstance: {fileID: 0}
  m_PrefabAsset: {fileID: 0}
  m_GameObject: {fileID: 1128075209}
  m_Enabled: 1
  serializedVersion: 3
  m_RenderMode: 0
  m_Camera: {fileID: 720255581}
  m_PlaneDistance: 100
  m_PixelPerfect: 0
  m_ReceivesEvents: 1
  m_OverrideSorting: 0
  m_OverridePixelPerfect: 0
  m_SortingBucketNormalizedSize: 0
  m_AdditionalShaderChannelsFlag: 0
  m_SortingLayerID: 0
  m_SortingOrder: 0
  m_TargetDisplay: 0
--- !u!224 &1128075213
RectTransform:
  m_ObjectHideFlags: 0
  m_CorrespondingSourceObject: {fileID: 0}
  m_PrefabInstance: {fileID: 0}
  m_PrefabAsset: {fileID: 0}
  m_GameObject: {fileID: 1128075209}
  m_LocalRotation: {x: 0, y: 0, z: 0, w: 1}
  m_LocalPosition: {x: 0, y: 0, z: 0}
  m_LocalScale: {x: 0, y: 0, z: 0}
  m_Children: []
  m_Father: {fileID: 0}
  m_RootOrder: 3
  m_LocalEulerAnglesHint: {x: 0, y: 0, z: 0}
  m_AnchorMin: {x: 0, y: 0}
  m_AnchorMax: {x: 0, y: 0}
  m_AnchoredPosition: {x: 0, y: 0}
  m_SizeDelta: {x: 0, y: 0}
  m_Pivot: {x: 0, y: 0}
--- !u!1 &1264328749
GameObject:
  m_ObjectHideFlags: 0
  m_CorrespondingSourceObject: {fileID: 0}
  m_PrefabInstance: {fileID: 0}
  m_PrefabAsset: {fileID: 0}
  serializedVersion: 6
  m_Component:
  - component: {fileID: 1264328752}
  - component: {fileID: 1264328751}
  - component: {fileID: 1264328750}
  m_Layer: 0
  m_Name: EventSystem
  m_TagString: Untagged
  m_Icon: {fileID: 0}
  m_NavMeshLayer: 0
  m_StaticEditorFlags: 0
  m_IsActive: 1
--- !u!114 &1264328750
MonoBehaviour:
  m_ObjectHideFlags: 0
  m_CorrespondingSourceObject: {fileID: 0}
  m_PrefabInstance: {fileID: 0}
  m_PrefabAsset: {fileID: 0}
  m_GameObject: {fileID: 1264328749}
  m_Enabled: 1
  m_EditorHideFlags: 0
  m_Script: {fileID: 11500000, guid: 4f231c4fb786f3946a6b90b886c48677, type: 3}
  m_Name: 
  m_EditorClassIdentifier: 
  m_HorizontalAxis: Horizontal
  m_VerticalAxis: Vertical
  m_SubmitButton: Submit
  m_CancelButton: Cancel
  m_InputActionsPerSecond: 10
  m_RepeatDelay: 0.5
  m_ForceModuleActive: 0
--- !u!114 &1264328751
MonoBehaviour:
  m_ObjectHideFlags: 0
  m_CorrespondingSourceObject: {fileID: 0}
  m_PrefabInstance: {fileID: 0}
  m_PrefabAsset: {fileID: 0}
  m_GameObject: {fileID: 1264328749}
  m_Enabled: 1
  m_EditorHideFlags: 0
  m_Script: {fileID: 11500000, guid: 76c392e42b5098c458856cdf6ecaaaa1, type: 3}
  m_Name: 
  m_EditorClassIdentifier: 
  m_FirstSelected: {fileID: 0}
  m_sendNavigationEvents: 1
  m_DragThreshold: 10
--- !u!4 &1264328752
Transform:
  m_ObjectHideFlags: 0
  m_CorrespondingSourceObject: {fileID: 0}
  m_PrefabInstance: {fileID: 0}
  m_PrefabAsset: {fileID: 0}
  m_GameObject: {fileID: 1264328749}
  m_LocalRotation: {x: 0, y: 0, z: 0, w: 1}
  m_LocalPosition: {x: 0, y: 0, z: 0}
  m_LocalScale: {x: 1, y: 1, z: 1}
  m_Children: []
  m_Father: {fileID: 0}
  m_RootOrder: 4
  m_LocalEulerAnglesHint: {x: 0, y: 0, z: 0}
--- !u!1 &1267722341
GameObject:
  m_ObjectHideFlags: 0
  m_CorrespondingSourceObject: {fileID: 0}
  m_PrefabInstance: {fileID: 0}
  m_PrefabAsset: {fileID: 0}
  serializedVersion: 6
  m_Component:
  - component: {fileID: 1267722343}
  - component: {fileID: 1267722342}
  m_Layer: 0
  m_Name: Directional Light
  m_TagString: Untagged
  m_Icon: {fileID: 0}
  m_NavMeshLayer: 0
  m_StaticEditorFlags: 0
  m_IsActive: 1
--- !u!108 &1267722342
Light:
  m_ObjectHideFlags: 0
  m_CorrespondingSourceObject: {fileID: 0}
  m_PrefabInstance: {fileID: 0}
  m_PrefabAsset: {fileID: 0}
  m_GameObject: {fileID: 1267722341}
  m_Enabled: 1
  serializedVersion: 9
  m_Type: 1
  m_Color: {r: 1, g: 0.95686275, b: 0.8392157, a: 1}
  m_Intensity: 1
  m_Range: 10
  m_SpotAngle: 30
  m_InnerSpotAngle: 21.80208
  m_CookieSize: 10
  m_Shadows:
    m_Type: 2
    m_Resolution: -1
    m_CustomResolution: -1
    m_Strength: 1
    m_Bias: 0.05
    m_NormalBias: 0.4
    m_NearPlane: 0.2
    m_CullingMatrixOverride:
      e00: 1
      e01: 0
      e02: 0
      e03: 0
      e10: 0
      e11: 1
      e12: 0
      e13: 0
      e20: 0
      e21: 0
      e22: 1
      e23: 0
      e30: 0
      e31: 0
      e32: 0
      e33: 1
    m_UseCullingMatrixOverride: 0
  m_Cookie: {fileID: 0}
  m_DrawHalo: 0
  m_Flare: {fileID: 0}
  m_RenderMode: 0
  m_CullingMask:
    serializedVersion: 2
    m_Bits: 4294967295
  m_RenderingLayerMask: 1
  m_Lightmapping: 4
  m_LightShadowCasterMode: 0
  m_AreaSize: {x: 1, y: 1}
  m_BounceIntensity: 1
  m_ColorTemperature: 6570
  m_UseColorTemperature: 0
  m_BoundingSphereOverride: {x: 7.44e-43, y: NaN, z: 7.44e-43, w: 6.870609e+27}
  m_UseBoundingSphereOverride: 0
  m_ShadowRadius: 0
  m_ShadowAngle: 0
--- !u!4 &1267722343
Transform:
  m_ObjectHideFlags: 0
  m_CorrespondingSourceObject: {fileID: 0}
  m_PrefabInstance: {fileID: 0}
  m_PrefabAsset: {fileID: 0}
  m_GameObject: {fileID: 1267722341}
  m_LocalRotation: {x: 0.13168833, y: -0.1918438, z: 0.17373514, w: 0.9569067}
  m_LocalPosition: {x: 0, y: 10.37, z: 0}
  m_LocalScale: {x: 1, y: 1, z: 1}
  m_Children: []
  m_Father: {fileID: 0}
  m_RootOrder: 1
  m_LocalEulerAnglesHint: {x: 18.584002, y: -19.821001, z: 17.306002}
--- !u!1 &1275264287 stripped
GameObject:
  m_CorrespondingSourceObject: {fileID: 7461538210675493346, guid: 54f2108b589ab354eb3d824f605f8368,
    type: 3}
  m_PrefabInstance: {fileID: 905183972}
  m_PrefabAsset: {fileID: 0}
--- !u!1 &1400909626
GameObject:
  m_ObjectHideFlags: 0
  m_CorrespondingSourceObject: {fileID: 0}
  m_PrefabInstance: {fileID: 0}
  m_PrefabAsset: {fileID: 0}
  serializedVersion: 6
  m_Component:
  - component: {fileID: 1400909627}
  - component: {fileID: 1400909630}
  - component: {fileID: 1400909629}
  - component: {fileID: 1400909628}
  - component: {fileID: 1400909631}
  m_Layer: 0
  m_Name: obstacle
  m_TagString: Untagged
  m_Icon: {fileID: 0}
  m_NavMeshLayer: 0
  m_StaticEditorFlags: 4294967263
  m_IsActive: 1
--- !u!4 &1400909627
Transform:
  m_ObjectHideFlags: 0
  m_CorrespondingSourceObject: {fileID: 0}
  m_PrefabInstance: {fileID: 0}
  m_PrefabAsset: {fileID: 0}
  m_GameObject: {fileID: 1400909626}
  m_LocalRotation: {x: -0, y: -0, z: -0, w: 1}
  m_LocalPosition: {x: 14.306, y: 1.0603, z: -2.9635}
  m_LocalScale: {x: 0.65776217, y: 2.120686, z: 6.677563}
  m_Children: []
  m_Father: {fileID: 721548338}
  m_RootOrder: 6
  m_LocalEulerAnglesHint: {x: 0, y: 0, z: 0}
--- !u!65 &1400909628
BoxCollider:
  m_ObjectHideFlags: 0
  m_CorrespondingSourceObject: {fileID: 0}
  m_PrefabInstance: {fileID: 0}
  m_PrefabAsset: {fileID: 0}
  m_GameObject: {fileID: 1400909626}
  m_Material: {fileID: 0}
  m_IsTrigger: 0
  m_Enabled: 1
  serializedVersion: 2
  m_Size: {x: 1, y: 1, z: 1}
  m_Center: {x: 0, y: 0, z: 0}
--- !u!23 &1400909629
MeshRenderer:
  m_ObjectHideFlags: 0
  m_CorrespondingSourceObject: {fileID: 0}
  m_PrefabInstance: {fileID: 0}
  m_PrefabAsset: {fileID: 0}
  m_GameObject: {fileID: 1400909626}
  m_Enabled: 1
  m_CastShadows: 1
  m_ReceiveShadows: 1
  m_DynamicOccludee: 1
  m_MotionVectors: 1
  m_LightProbeUsage: 1
  m_ReflectionProbeUsage: 1
  m_RenderingLayerMask: 1
  m_RendererPriority: 0
  m_Materials:
  - {fileID: 10303, guid: 0000000000000000f000000000000000, type: 0}
  m_StaticBatchInfo:
    firstSubMesh: 0
    subMeshCount: 0
  m_StaticBatchRoot: {fileID: 0}
  m_ProbeAnchor: {fileID: 0}
  m_LightProbeVolumeOverride: {fileID: 0}
  m_ScaleInLightmap: 1
  m_ReceiveGI: 1
  m_PreserveUVs: 0
  m_IgnoreNormalsForChartDetection: 0
  m_ImportantGI: 0
  m_StitchLightmapSeams: 0
  m_SelectedEditorRenderState: 3
  m_MinimumChartSize: 4
  m_AutoUVMaxDistance: 0.5
  m_AutoUVMaxAngle: 89
  m_LightmapParameters: {fileID: 0}
  m_SortingLayerID: 0
  m_SortingLayer: 0
  m_SortingOrder: 0
--- !u!33 &1400909630
MeshFilter:
  m_ObjectHideFlags: 0
  m_CorrespondingSourceObject: {fileID: 0}
  m_PrefabInstance: {fileID: 0}
  m_PrefabAsset: {fileID: 0}
  m_GameObject: {fileID: 1400909626}
  m_Mesh: {fileID: 10202, guid: 0000000000000000e000000000000000, type: 0}
--- !u!208 &1400909631
NavMeshObstacle:
  m_ObjectHideFlags: 0
  m_CorrespondingSourceObject: {fileID: 0}
  m_PrefabInstance: {fileID: 0}
  m_PrefabAsset: {fileID: 0}
  m_GameObject: {fileID: 1400909626}
  m_Enabled: 1
  serializedVersion: 3
  m_Shape: 1
  m_Extents: {x: 0.5, y: 0.5, z: 0.5}
  m_MoveThreshold: 0.1
  m_Carve: 1
  m_CarveOnlyStationary: 1
  m_Center: {x: 0, y: 0, z: 0}
  m_TimeToStationary: 0.5
--- !u!1 &1553621427 stripped
GameObject:
  m_CorrespondingSourceObject: {fileID: 7461538210675493346, guid: 54f2108b589ab354eb3d824f605f8368,
    type: 3}
  m_PrefabInstance: {fileID: 162605122}
  m_PrefabAsset: {fileID: 0}
--- !u!114 &1553621428
MonoBehaviour:
  m_ObjectHideFlags: 0
  m_CorrespondingSourceObject: {fileID: 0}
  m_PrefabInstance: {fileID: 0}
  m_PrefabAsset: {fileID: 0}
  m_GameObject: {fileID: 1553621427}
  m_Enabled: 0
  m_EditorHideFlags: 0
  m_Script: {fileID: 11500000, guid: 4e6aef1adecd8d4429ce49a4b521a5e3, type: 3}
  m_Name: 
  m_EditorClassIdentifier: 
  player_s: {fileID: 1553621430}
  input_s: {fileID: 1553621434}
  selecionavel_s: {fileID: 1553621429}
  playerSelect_s: {fileID: 1553621441}
  controleDeTurn_s: {fileID: 1553621432}
  controleBatalha_s: {fileID: 1870622793}
  dano_s: {fileID: 1553621431}
  movimentacao_s: {fileID: 1553621435}
  started: 0
--- !u!114 &1553621429 stripped
MonoBehaviour:
  m_CorrespondingSourceObject: {fileID: 1092690255, guid: 54f2108b589ab354eb3d824f605f8368,
    type: 3}
  m_PrefabInstance: {fileID: 162605122}
  m_PrefabAsset: {fileID: 0}
  m_GameObject: {fileID: 1553621427}
  m_Enabled: 1
  m_EditorHideFlags: 0
  m_Script: {fileID: 11500000, guid: 2ad73aacadff22043921d131e84e7f8b, type: 3}
  m_Name: 
  m_EditorClassIdentifier: 
--- !u!114 &1553621430 stripped
MonoBehaviour:
  m_CorrespondingSourceObject: {fileID: 1092690262, guid: 54f2108b589ab354eb3d824f605f8368,
    type: 3}
  m_PrefabInstance: {fileID: 162605122}
  m_PrefabAsset: {fileID: 0}
  m_GameObject: {fileID: 1553621427}
  m_Enabled: 1
  m_EditorHideFlags: 0
  m_Script: {fileID: 11500000, guid: c258c4d6be3ab314bac98afb6f02db21, type: 3}
  m_Name: 
  m_EditorClassIdentifier: 
--- !u!114 &1553621431 stripped
MonoBehaviour:
  m_CorrespondingSourceObject: {fileID: 7508142028167827710, guid: 54f2108b589ab354eb3d824f605f8368,
    type: 3}
  m_PrefabInstance: {fileID: 162605122}
  m_PrefabAsset: {fileID: 0}
  m_GameObject: {fileID: 1553621427}
  m_Enabled: 1
  m_EditorHideFlags: 0
  m_Script: {fileID: 11500000, guid: c4f9a37a8fcf95740b4f82d621e1440e, type: 3}
  m_Name: 
  m_EditorClassIdentifier: 
--- !u!114 &1553621432 stripped
MonoBehaviour:
  m_CorrespondingSourceObject: {fileID: 1092690278, guid: 54f2108b589ab354eb3d824f605f8368,
    type: 3}
  m_PrefabInstance: {fileID: 162605122}
  m_PrefabAsset: {fileID: 0}
  m_GameObject: {fileID: 1553621427}
  m_Enabled: 1
  m_EditorHideFlags: 0
  m_Script: {fileID: 11500000, guid: 76571c3288658a64d999905b4b0ac4f3, type: 3}
  m_Name: 
  m_EditorClassIdentifier: 
--- !u!114 &1553621434 stripped
MonoBehaviour:
  m_CorrespondingSourceObject: {fileID: 1092690254, guid: 54f2108b589ab354eb3d824f605f8368,
    type: 3}
  m_PrefabInstance: {fileID: 162605122}
  m_PrefabAsset: {fileID: 0}
  m_GameObject: {fileID: 1553621427}
  m_Enabled: 1
  m_EditorHideFlags: 0
  m_Script: {fileID: 11500000, guid: 1cf0b590e80a4ab4088fbc23c8870073, type: 3}
  m_Name: 
  m_EditorClassIdentifier: 
--- !u!114 &1553621435 stripped
MonoBehaviour:
  m_CorrespondingSourceObject: {fileID: 7461538210675493347, guid: 54f2108b589ab354eb3d824f605f8368,
    type: 3}
  m_PrefabInstance: {fileID: 162605122}
  m_PrefabAsset: {fileID: 0}
  m_GameObject: {fileID: 1553621427}
  m_Enabled: 1
  m_EditorHideFlags: 0
  m_Script: {fileID: 11500000, guid: e94e31e3ab565f84b984d8c22a905ae3, type: 3}
  m_Name: 
  m_EditorClassIdentifier: 
--- !u!114 &1553621441 stripped
MonoBehaviour:
  m_CorrespondingSourceObject: {fileID: 1092690261, guid: 54f2108b589ab354eb3d824f605f8368,
    type: 3}
  m_PrefabInstance: {fileID: 162605122}
  m_PrefabAsset: {fileID: 0}
  m_GameObject: {fileID: 1553621427}
  m_Enabled: 1
  m_EditorHideFlags: 0
  m_Script: {fileID: 11500000, guid: 64bd89070b4b6cb49bf6b31c43c71196, type: 3}
  m_Name: 
  m_EditorClassIdentifier: 
--- !u!1001 &1838648037
PrefabInstance:
  m_ObjectHideFlags: 0
  serializedVersion: 2
  m_Modification:
    m_TransformParent: {fileID: 0}
    m_Modifications:
    - target: {fileID: 7461538210675493346, guid: 54f2108b589ab354eb3d824f605f8368,
        type: 3}
      propertyPath: m_Name
      value: link
      objectReference: {fileID: 0}
    - target: {fileID: 7461538210675493278, guid: 54f2108b589ab354eb3d824f605f8368,
        type: 3}
      propertyPath: m_LocalPosition.x
      value: -3.5
      objectReference: {fileID: 0}
    - target: {fileID: 7461538210675493278, guid: 54f2108b589ab354eb3d824f605f8368,
        type: 3}
      propertyPath: m_LocalPosition.y
      value: 0.62
      objectReference: {fileID: 0}
    - target: {fileID: 7461538210675493278, guid: 54f2108b589ab354eb3d824f605f8368,
        type: 3}
      propertyPath: m_LocalPosition.z
      value: 2.9
      objectReference: {fileID: 0}
    - target: {fileID: 7461538210675493278, guid: 54f2108b589ab354eb3d824f605f8368,
        type: 3}
      propertyPath: m_LocalRotation.x
      value: -0
      objectReference: {fileID: 0}
    - target: {fileID: 7461538210675493278, guid: 54f2108b589ab354eb3d824f605f8368,
        type: 3}
      propertyPath: m_LocalRotation.y
      value: 0.70710707
      objectReference: {fileID: 0}
    - target: {fileID: 7461538210675493278, guid: 54f2108b589ab354eb3d824f605f8368,
        type: 3}
      propertyPath: m_LocalRotation.z
      value: -0
      objectReference: {fileID: 0}
    - target: {fileID: 7461538210675493278, guid: 54f2108b589ab354eb3d824f605f8368,
        type: 3}
      propertyPath: m_LocalRotation.w
      value: 0.70710653
      objectReference: {fileID: 0}
    - target: {fileID: 7461538210675493278, guid: 54f2108b589ab354eb3d824f605f8368,
        type: 3}
      propertyPath: m_RootOrder
      value: 8
      objectReference: {fileID: 0}
    - target: {fileID: 7461538210675493278, guid: 54f2108b589ab354eb3d824f605f8368,
        type: 3}
      propertyPath: m_LocalEulerAnglesHint.x
      value: 0
      objectReference: {fileID: 0}
    - target: {fileID: 7461538210675493278, guid: 54f2108b589ab354eb3d824f605f8368,
        type: 3}
      propertyPath: m_LocalEulerAnglesHint.y
      value: 90.00001
      objectReference: {fileID: 0}
    - target: {fileID: 7461538210675493278, guid: 54f2108b589ab354eb3d824f605f8368,
        type: 3}
      propertyPath: m_LocalEulerAnglesHint.z
      value: 0
      objectReference: {fileID: 0}
    - target: {fileID: 1092690254, guid: 54f2108b589ab354eb3d824f605f8368, type: 3}
      propertyPath: human_v
      value: 1
      objectReference: {fileID: 0}
    - target: {fileID: 1092690260, guid: 54f2108b589ab354eb3d824f605f8368, type: 3}
      propertyPath: barrColor_v.r
      value: 0
      objectReference: {fileID: 0}
    - target: {fileID: 1092690260, guid: 54f2108b589ab354eb3d824f605f8368, type: 3}
      propertyPath: barrColor_v.g
      value: 1
      objectReference: {fileID: 0}
    - target: {fileID: 1092690260, guid: 54f2108b589ab354eb3d824f605f8368, type: 3}
      propertyPath: barrColor_v.b
      value: 0.04723549
      objectReference: {fileID: 0}
    - target: {fileID: 1092690260, guid: 54f2108b589ab354eb3d824f605f8368, type: 3}
      propertyPath: damageBarrColor_v.a
      value: 1
      objectReference: {fileID: 0}
    - target: {fileID: 1092690260, guid: 54f2108b589ab354eb3d824f605f8368, type: 3}
      propertyPath: damageBarrColor_v.r
      value: 1
      objectReference: {fileID: 0}
    - target: {fileID: 1092690260, guid: 54f2108b589ab354eb3d824f605f8368, type: 3}
      propertyPath: damageBarrColor_v.g
      value: 0.19339621
      objectReference: {fileID: 0}
    - target: {fileID: 1092690260, guid: 54f2108b589ab354eb3d824f605f8368, type: 3}
      propertyPath: damageBarrColor_v.b
      value: 0.19339621
      objectReference: {fileID: 0}
    - target: {fileID: 1092690262, guid: 54f2108b589ab354eb3d824f605f8368, type: 3}
      propertyPath: range_v
      value: 5
      objectReference: {fileID: 0}
    m_RemovedComponents: []
  m_SourcePrefab: {fileID: 100100000, guid: 54f2108b589ab354eb3d824f605f8368, type: 3}
--- !u!1 &1849275078
GameObject:
  m_ObjectHideFlags: 0
  m_CorrespondingSourceObject: {fileID: 0}
  m_PrefabInstance: {fileID: 0}
  m_PrefabAsset: {fileID: 0}
  serializedVersion: 6
  m_Component:
  - component: {fileID: 1849275079}
  - component: {fileID: 1849275081}
  - component: {fileID: 1849275080}
  - component: {fileID: 1849275082}
  m_Layer: 5
  m_Name: mira
  m_TagString: mira
  m_Icon: {fileID: 0}
  m_NavMeshLayer: 0
  m_StaticEditorFlags: 0
  m_IsActive: 1
--- !u!224 &1849275079
RectTransform:
  m_ObjectHideFlags: 0
  m_CorrespondingSourceObject: {fileID: 0}
  m_PrefabInstance: {fileID: 0}
  m_PrefabAsset: {fileID: 0}
  m_GameObject: {fileID: 1849275078}
  m_LocalRotation: {x: -0, y: -0, z: -0, w: 1}
  m_LocalPosition: {x: 0, y: 0, z: 0}
  m_LocalScale: {x: 0.3, y: 0.3, z: 0.3}
  m_Children: []
  m_Father: {fileID: 1885978929}
  m_RootOrder: 0
  m_LocalEulerAnglesHint: {x: 0, y: 0, z: 0}
  m_AnchorMin: {x: 0.5, y: 0.5}
  m_AnchorMax: {x: 0.5, y: 0.5}
  m_AnchoredPosition: {x: 0, y: 0}
  m_SizeDelta: {x: 256, y: 256}
  m_Pivot: {x: 0.5, y: 0.5}
--- !u!114 &1849275080
MonoBehaviour:
  m_ObjectHideFlags: 0
  m_CorrespondingSourceObject: {fileID: 0}
  m_PrefabInstance: {fileID: 0}
  m_PrefabAsset: {fileID: 0}
  m_GameObject: {fileID: 1849275078}
  m_Enabled: 1
  m_EditorHideFlags: 0
  m_Script: {fileID: 11500000, guid: fe87c0e1cc204ed48ad3b37840f39efc, type: 3}
  m_Name: 
  m_EditorClassIdentifier: 
  m_Material: {fileID: 0}
  m_Color: {r: 1, g: 1, b: 1, a: 1}
  m_RaycastTarget: 0
  m_OnCullStateChanged:
    m_PersistentCalls:
      m_Calls: []
    m_TypeName: UnityEngine.UI.MaskableGraphic+CullStateChangedEvent, UnityEngine.UI,
      Version=1.0.0.0, Culture=neutral, PublicKeyToken=null
  m_Sprite: {fileID: 21300000, guid: cbb5d7df5e8e95c44bb639d62bbf6efa, type: 3}
  m_Type: 0
  m_PreserveAspect: 1
  m_FillCenter: 1
  m_FillMethod: 4
  m_FillAmount: 1
  m_FillClockwise: 1
  m_FillOrigin: 0
  m_UseSpriteMesh: 0
  m_PixelsPerUnitMultiplier: 1
--- !u!222 &1849275081
CanvasRenderer:
  m_ObjectHideFlags: 0
  m_CorrespondingSourceObject: {fileID: 0}
  m_PrefabInstance: {fileID: 0}
  m_PrefabAsset: {fileID: 0}
  m_GameObject: {fileID: 1849275078}
  m_CullTransparentMesh: 0
--- !u!114 &1849275082
MonoBehaviour:
  m_ObjectHideFlags: 0
  m_CorrespondingSourceObject: {fileID: 0}
  m_PrefabInstance: {fileID: 0}
  m_PrefabAsset: {fileID: 0}
  m_GameObject: {fileID: 1849275078}
  m_Enabled: 1
  m_EditorHideFlags: 0
  m_Script: {fileID: 11500000, guid: c0c53f110bce4e041b315cb83b6cdd0f, type: 3}
  m_Name: 
  m_EditorClassIdentifier: 
  sr_s: {fileID: 1849275080}
  spriteSeta_v: {fileID: 21300000, guid: cbb5d7df5e8e95c44bb639d62bbf6efa, type: 3}
  spriteMira_v: {fileID: 21300000, guid: a0ab6db22a899394390762f443fae355, type: 3}
--- !u!1 &1870622790
GameObject:
  m_ObjectHideFlags: 0
  m_CorrespondingSourceObject: {fileID: 0}
  m_PrefabInstance: {fileID: 0}
  m_PrefabAsset: {fileID: 0}
  serializedVersion: 6
  m_Component:
  - component: {fileID: 1870622792}
  - component: {fileID: 1870622791}
  - component: {fileID: 1870622793}
  - component: {fileID: 1870622795}
  m_Layer: 0
  m_Name: main
  m_TagString: main
  m_Icon: {fileID: 0}
  m_NavMeshLayer: 0
  m_StaticEditorFlags: 0
  m_IsActive: 1
--- !u!114 &1870622791
MonoBehaviour:
  m_ObjectHideFlags: 0
  m_CorrespondingSourceObject: {fileID: 0}
  m_PrefabInstance: {fileID: 0}
  m_PrefabAsset: {fileID: 0}
  m_GameObject: {fileID: 1870622790}
  m_Enabled: 1
  m_EditorHideFlags: 0
  m_Script: {fileID: 11500000, guid: ad3432d73f7e34448a0448edf1078dce, type: 3}
  m_Name: 
  m_EditorClassIdentifier: 
  maindata_s: {fileID: 5014903384287047053, guid: 7738aba18d66ec64cab960a2e9f5b4f7,
    type: 3}
  createImage_s: {fileID: 1870622795}
  controleDeBatalha_s: {fileID: 1870622793}
--- !u!4 &1870622792
Transform:
  m_ObjectHideFlags: 0
  m_CorrespondingSourceObject: {fileID: 0}
  m_PrefabInstance: {fileID: 0}
  m_PrefabAsset: {fileID: 0}
  m_GameObject: {fileID: 1870622790}
  m_LocalRotation: {x: 0, y: 0, z: 0, w: 1}
  m_LocalPosition: {x: 231, y: 130, z: 0}
  m_LocalScale: {x: 1, y: 1, z: 1}
  m_Children: []
  m_Father: {fileID: 0}
  m_RootOrder: 6
  m_LocalEulerAnglesHint: {x: 0, y: 0, z: 0}
--- !u!114 &1870622793
MonoBehaviour:
  m_ObjectHideFlags: 0
  m_CorrespondingSourceObject: {fileID: 0}
  m_PrefabInstance: {fileID: 0}
  m_PrefabAsset: {fileID: 0}
  m_GameObject: {fileID: 1870622790}
  m_Enabled: 1
  m_EditorHideFlags: 0
  m_Script: {fileID: 11500000, guid: cd6e3e2ee86b0484e8630079ff13357e, type: 3}
  m_Name: 
  m_EditorClassIdentifier: 
  screenChangeTurn_v: {fileID: 4262440024045972066, guid: 772ae075acb043b43a5a50c81c859242,
    type: 3}
  heros_v:
  - {fileID: 1879434215}
  - {fileID: 1275264287}
  enemies_v:
  - {fileID: 1553621427}
  - {fileID: 754942885}
--- !u!114 &1870622795
MonoBehaviour:
  m_ObjectHideFlags: 0
  m_CorrespondingSourceObject: {fileID: 0}
  m_PrefabInstance: {fileID: 0}
  m_PrefabAsset: {fileID: 0}
  m_GameObject: {fileID: 1870622790}
  m_Enabled: 1
  m_EditorHideFlags: 0
  m_Script: {fileID: 11500000, guid: f5adfef98aac2c74d8668f075a486790, type: 3}
  m_Name: 
  m_EditorClassIdentifier: 
  main_s: {fileID: 1870622791}
  button_s: {fileID: 8163866141577904559, guid: d484c270c96539846a258e0fdf002af3,
    type: 3}
--- !u!1 &1879434215 stripped
GameObject:
  m_CorrespondingSourceObject: {fileID: 7461538210675493346, guid: 54f2108b589ab354eb3d824f605f8368,
    type: 3}
  m_PrefabInstance: {fileID: 1838648037}
  m_PrefabAsset: {fileID: 0}
--- !u!1 &1885978925
GameObject:
  m_ObjectHideFlags: 0
  m_CorrespondingSourceObject: {fileID: 0}
  m_PrefabInstance: {fileID: 0}
  m_PrefabAsset: {fileID: 0}
  serializedVersion: 6
  m_Component:
  - component: {fileID: 1885978929}
  - component: {fileID: 1885978928}
  - component: {fileID: 1885978927}
  - component: {fileID: 1885978926}
  m_Layer: 5
  m_Name: CanvasMouse
  m_TagString: Untagged
  m_Icon: {fileID: 0}
  m_NavMeshLayer: 0
  m_StaticEditorFlags: 0
  m_IsActive: 1
--- !u!114 &1885978926
MonoBehaviour:
  m_ObjectHideFlags: 0
  m_CorrespondingSourceObject: {fileID: 0}
  m_PrefabInstance: {fileID: 0}
  m_PrefabAsset: {fileID: 0}
  m_GameObject: {fileID: 1885978925}
  m_Enabled: 1
  m_EditorHideFlags: 0
  m_Script: {fileID: 11500000, guid: dc42784cf147c0c48a680349fa168899, type: 3}
  m_Name: 
  m_EditorClassIdentifier: 
  m_IgnoreReversedGraphics: 1
  m_BlockingObjects: 0
  m_BlockingMask:
    serializedVersion: 2
    m_Bits: 4294967295
--- !u!114 &1885978927
MonoBehaviour:
  m_ObjectHideFlags: 0
  m_CorrespondingSourceObject: {fileID: 0}
  m_PrefabInstance: {fileID: 0}
  m_PrefabAsset: {fileID: 0}
  m_GameObject: {fileID: 1885978925}
  m_Enabled: 1
  m_EditorHideFlags: 0
  m_Script: {fileID: 11500000, guid: 0cd44c1031e13a943bb63640046fad76, type: 3}
  m_Name: 
  m_EditorClassIdentifier: 
  m_UiScaleMode: 1
  m_ReferencePixelsPerUnit: 100
  m_ScaleFactor: 1
  m_ReferenceResolution: {x: 1366, y: 768}
  m_ScreenMatchMode: 0
  m_MatchWidthOrHeight: 0
  m_PhysicalUnit: 3
  m_FallbackScreenDPI: 96
  m_DefaultSpriteDPI: 96
  m_DynamicPixelsPerUnit: 1
--- !u!223 &1885978928
Canvas:
  m_ObjectHideFlags: 0
  m_CorrespondingSourceObject: {fileID: 0}
  m_PrefabInstance: {fileID: 0}
  m_PrefabAsset: {fileID: 0}
  m_GameObject: {fileID: 1885978925}
  m_Enabled: 1
  serializedVersion: 3
  m_RenderMode: 0
  m_Camera: {fileID: 720255581}
  m_PlaneDistance: 100
  m_PixelPerfect: 0
  m_ReceivesEvents: 1
  m_OverrideSorting: 0
  m_OverridePixelPerfect: 0
  m_SortingBucketNormalizedSize: 0
  m_AdditionalShaderChannelsFlag: 0
  m_SortingLayerID: 0
  m_SortingOrder: 1
  m_TargetDisplay: 0
--- !u!224 &1885978929
RectTransform:
  m_ObjectHideFlags: 0
  m_CorrespondingSourceObject: {fileID: 0}
  m_PrefabInstance: {fileID: 0}
  m_PrefabAsset: {fileID: 0}
  m_GameObject: {fileID: 1885978925}
  m_LocalRotation: {x: 0, y: 0, z: 0, w: 1}
  m_LocalPosition: {x: 0, y: 0, z: 0}
  m_LocalScale: {x: 0, y: 0, z: 0}
  m_Children:
  - {fileID: 1849275079}
  m_Father: {fileID: 0}
  m_RootOrder: 5
  m_LocalEulerAnglesHint: {x: 0, y: 0, z: 0}
  m_AnchorMin: {x: 0, y: 0}
  m_AnchorMax: {x: 0, y: 0}
  m_AnchoredPosition: {x: 0, y: 0}
  m_SizeDelta: {x: 0, y: 0}
  m_Pivot: {x: 0, y: 0}
--- !u!1001 &2141123450
PrefabInstance:
  m_ObjectHideFlags: 0
  serializedVersion: 2
  m_Modification:
    m_TransformParent: {fileID: 0}
    m_Modifications:
    - target: {fileID: 7461538210675493346, guid: 54f2108b589ab354eb3d824f605f8368,
        type: 3}
      propertyPath: m_Name
      value: enemie_range
      objectReference: {fileID: 0}
    - target: {fileID: 7461538210675493346, guid: 54f2108b589ab354eb3d824f605f8368,
        type: 3}
      propertyPath: m_TagString
      value: Enemie
      objectReference: {fileID: 0}
    - target: {fileID: 7461538210675493278, guid: 54f2108b589ab354eb3d824f605f8368,
        type: 3}
      propertyPath: m_LocalPosition.x
      value: 15.85
      objectReference: {fileID: 0}
    - target: {fileID: 7461538210675493278, guid: 54f2108b589ab354eb3d824f605f8368,
        type: 3}
      propertyPath: m_LocalPosition.y
      value: 0.62
      objectReference: {fileID: 0}
    - target: {fileID: 7461538210675493278, guid: 54f2108b589ab354eb3d824f605f8368,
        type: 3}
      propertyPath: m_LocalPosition.z
      value: 2.64
      objectReference: {fileID: 0}
    - target: {fileID: 7461538210675493278, guid: 54f2108b589ab354eb3d824f605f8368,
        type: 3}
      propertyPath: m_LocalRotation.x
      value: -0
      objectReference: {fileID: 0}
    - target: {fileID: 7461538210675493278, guid: 54f2108b589ab354eb3d824f605f8368,
        type: 3}
      propertyPath: m_LocalRotation.y
      value: 0.70710695
      objectReference: {fileID: 0}
    - target: {fileID: 7461538210675493278, guid: 54f2108b589ab354eb3d824f605f8368,
        type: 3}
      propertyPath: m_LocalRotation.z
      value: -0
      objectReference: {fileID: 0}
    - target: {fileID: 7461538210675493278, guid: 54f2108b589ab354eb3d824f605f8368,
        type: 3}
      propertyPath: m_LocalRotation.w
      value: -0.7071067
      objectReference: {fileID: 0}
    - target: {fileID: 7461538210675493278, guid: 54f2108b589ab354eb3d824f605f8368,
        type: 3}
      propertyPath: m_RootOrder
      value: 10
      objectReference: {fileID: 0}
    - target: {fileID: 7461538210675493278, guid: 54f2108b589ab354eb3d824f605f8368,
        type: 3}
      propertyPath: m_LocalEulerAnglesHint.x
      value: 0
      objectReference: {fileID: 0}
    - target: {fileID: 7461538210675493278, guid: 54f2108b589ab354eb3d824f605f8368,
        type: 3}
      propertyPath: m_LocalEulerAnglesHint.y
      value: 270
      objectReference: {fileID: 0}
    - target: {fileID: 7461538210675493278, guid: 54f2108b589ab354eb3d824f605f8368,
        type: 3}
      propertyPath: m_LocalEulerAnglesHint.z
      value: 0
      objectReference: {fileID: 0}
    - target: {fileID: 7461538211235401493, guid: 54f2108b589ab354eb3d824f605f8368,
        type: 3}
      propertyPath: m_Materials.Array.data[0]
      value: 
      objectReference: {fileID: 2100000, guid: bfe2f2f145f464d45b2b1b4e98d89a38, type: 2}
    - target: {fileID: 7461538211289432694, guid: 54f2108b589ab354eb3d824f605f8368,
        type: 3}
      propertyPath: m_Materials.Array.data[0]
      value: 
      objectReference: {fileID: 2100000, guid: bfe2f2f145f464d45b2b1b4e98d89a38, type: 2}
    - target: {fileID: 7461538210640684447, guid: 54f2108b589ab354eb3d824f605f8368,
        type: 3}
      propertyPath: m_Materials.Array.data[0]
      value: 
      objectReference: {fileID: 2100000, guid: bfe2f2f145f464d45b2b1b4e98d89a38, type: 2}
    - target: {fileID: 1092690254, guid: 54f2108b589ab354eb3d824f605f8368, type: 3}
      propertyPath: human_v
      value: 0
      objectReference: {fileID: 0}
    - target: {fileID: 1092690260, guid: 54f2108b589ab354eb3d824f605f8368, type: 3}
      propertyPath: barrColor_v.r
      value: 1
      objectReference: {fileID: 0}
    - target: {fileID: 1092690260, guid: 54f2108b589ab354eb3d824f605f8368, type: 3}
      propertyPath: barrColor_v.g
      value: 0
      objectReference: {fileID: 0}
    - target: {fileID: 1092690260, guid: 54f2108b589ab354eb3d824f605f8368, type: 3}
      propertyPath: barrColor_v.b
      value: 0.2556367
      objectReference: {fileID: 0}
    - target: {fileID: 1092690260, guid: 54f2108b589ab354eb3d824f605f8368, type: 3}
      propertyPath: damageBarrColor_v.a
      value: 1
      objectReference: {fileID: 0}
    - target: {fileID: 1092690260, guid: 54f2108b589ab354eb3d824f605f8368, type: 3}
      propertyPath: damageBarrColor_v.r
      value: 1
      objectReference: {fileID: 0}
    - target: {fileID: 1092690260, guid: 54f2108b589ab354eb3d824f605f8368, type: 3}
      propertyPath: damageBarrColor_v.g
      value: 0.86833227
      objectReference: {fileID: 0}
    - target: {fileID: 1092690260, guid: 54f2108b589ab354eb3d824f605f8368, type: 3}
      propertyPath: damageBarrColor_v.b
      value: 0
      objectReference: {fileID: 0}
    - target: {fileID: 1092690262, guid: 54f2108b589ab354eb3d824f605f8368, type: 3}
      propertyPath: range_v
      value: 4
      objectReference: {fileID: 0}
    m_RemovedComponents: []
  m_SourcePrefab: {fileID: 100100000, guid: 54f2108b589ab354eb3d824f605f8368, type: 3}
